%loc mentionre
@article{siket2014differences,
  title={Differences in the Definition and Calculation of the LOC Metric in Free Tools},
  author={Siket, Istv{\'a}n and Besz{\'e}des, {\'A}rp{\'a}d and Taylor, John},
  journal={Dept. Softw. Eng., Univ. Szeged, Szeged, Hungary, Tech. Rep. TR-2014-001},
  year={2014}
}
% jscg-re
@inproceedings{feldthaus2013efficient,
  title={Efficient construction of approximate call graphs for JavaScript IDE services},
  author={Feldthaus, Asger and Sch{\"a}fer, Max and Sridharan, Manu and Dolby, Julian and Tip, Frank},
  booktitle={2013 35th International Conference on Software Engineering (ICSE)},
  pages={752--761},
  year={2013},
  organization={IEEE}
}
%sémához
@INPROCEEDINGS{1167764,
  author={Ferenc, R. and Beszedes, A. and Tarkiainen, M. and Gyimothy, T.},
  booktitle={International Conference on Software Maintenance, 2002. Proceedings.}, 
  title={Columbus - reverse engineering tool and schema for C++}, 
  year={2002},
  volume={},
  number={},
  pages={172-181},
  doi={10.1109/ICSM.2002.1167764}
}
%QualityGate
@INPROCEEDINGS{6747214,
  author={Bakota, Tibor and Hegedűs, Petér and Siket, István and Ladányi, Gergely and Ferenc, Rudolf},
  booktitle={2014 Software Evolution Week - IEEE Conference on Software Maintenance, Reengineering, and Reverse Engineering (CSMR-WCRE)}, 
  title={Qualitygate SourceAudit: A tool for assessing the technical quality of software}, 
  year={2014},
  volume={},
  number={},
  pages={440-445},
  doi={10.1109/CSMR-WCRE.2014.6747214}}

%metrics
@INPROCEEDINGS{6080791,
  author={Bakota, Tibor and Hegedűs, Péter and Körtvélyesi, Péter and Ferenc, Rudolf and Gyimóthy, Tibor},
  booktitle={2011 27th IEEE International Conference on Software Maintenance (ICSM)}, 
  title={A probabilistic software quality model}, 
  year={2011},
  volume={},
  number={},
  pages={243-252},
  doi={10.1109/ICSM.2011.6080791}}

@InProceedings{10.1007/978-3-662-44202-9_11,
author="Bierman, Gavin
and Abadi, Mart{\'i}n
and Torgersen, Mads",
editor="Jones, Richard",
title="Understanding TypeScript",
booktitle="ECOOP 2014 -- Object-Oriented Programming",
year="2014",
publisher="Springer Berlin Heidelberg",
address="Berlin, Heidelberg",
pages="257--281",
abstract="TypeScript is an extension of JavaScript intended to enable easier development of large-scale JavaScript applications. While every JavaScript program is a TypeScript program, TypeScript offers a module system, classes, interfaces, and a rich gradual type system. The intention is that TypeScript provides a smooth transition for JavaScript programmers---well-established JavaScript programming idioms are supported without any major rewriting or annotations. One interesting consequence is that the TypeScript type system is not statically sound by design. The goal of this paper is to capture the essence of TypeScript by giving a precise definition of this type system on a core set of constructs of the language. Our main contribution, beyond the familiar advantages of a robust, mathematical formalization, is a refactoring into a safe inner fragment and an additional layer of unsafe rules.",
isbn="978-3-662-44202-9"
}
@book{nance2014typescript,
  title={TypeScript Essentials},
  author={Nance, C.},
  isbn={9781783985777},
  series={Community experience distilled},
  url={https://books.google.hu/books?id=Uob1BAAAQBAJ},
  year={2014},
  publisher={Packt Publishing}
}
@book{fenton2017pro,
  title={Pro TypeScript: Application-Scale JavaScript Development},
  author={Fenton, S.},
  isbn={9781484232484},
  url={https://books.google.hu/books?id=sTSQswEACAAJ},
  year={2017},
  publisher={Apress}
}
@book{cherny2019programming,
  title={Programming TypeScript: Making Your JavaScript Applications Scale},
  author={Cherny, B.},
  isbn={9781492037620},
  url={https://books.google.hu/books?id=Y-mUDwAAQBAJ},
  year={2019},
  publisher={O'Reilly Media}
}


@misc{typescript-eslint,
  key = {typescript-eslint},
  title = {{typescript-eslint - The tooling that enables ESLint and Prettier to support TypeScript.}},
  howpublished = {\url{https://typescript-eslint.io/}},
  note = {Utolsó hozzáférés: },
}
@misc{estree-spec,
  key = {estree.spec},
  title = {{The ESTree Spec}},
  howpublished = {\url{https://github.com/estree/estree}},
  note = {Utolsó hozzáférés: },
}
@misc{webpack-resolve,
  key = {webpack-resolve},
  title = {{Module resolution using webpack}},
  howpublished = {\url{https://webpack.js.org/configuration/resolve/}},
  note = {Utolsó hozzáférés: },
}
@misc{typescript-eslint-ast,
  key = {typescript-eslint-AST-specification},
  title = {{typescript-eslint AST specification}},
  howpublished = {\url{https://github.com/typescript-eslint/typescript-eslint/tree/main/packages/ast-spec}},
  note = {Utolsó hozzáférés: },
}

